@book{calvisual,
author = "Dandan Huang and Melanie Tory and Lyn Bartram",
title = "A Field Study of On-Calendar Visualizations",
year = "2016",
publisher = "ACM"
}
@book{smarthomedigitalcal,
author= "Sarah Mennicken and David Kim and Elaine May Huang",
title = "Integrating the Smart Home into the Digital Calendar",
year = "2016",
publisher = "ACM"
}
@book{calsugg,
author= "Ida Damen and Rens Brankaert and Steven Vos",
title = "Advancing Digital Behavior Change Interventions by Exploring a Calendar-Based Suggestion System",
year = "2021",
publisher = "ACM"
}
@book{calsensor,
author= "Tom Lovett and Eamonn O' Neill and James Irwin and David Pollington",
title = "The Calendar as a Sensor: Analysis and Improvement
Using Data Fusion with Social Networks and Location",
year = "201o",
publisher = "ACM"
}
@book{everycal,
author= "Satoshi Nakamura",
title = "Calendar for Everything: Browse and Search for Personal Archive on Calendar",
year = "2012",
publisher = "Yoshida Honmachi"
}
@book{Citation Name,
author= " Sarah Janböcke  and Marc Hassenzahl and Alina Gawlitta and Judith Dörrenbächer",
title = "Finding the Inner Clock:A Chronobiology-based Calendar",
year = "2020",
publisher = "ACM"
}